
% DeepInversion
@misc{DeepInversion,
    title={Dreaming to Distill: Data-free Knowledge Transfer via DeepInversion},
    author={Hongxu Yin and Pavlo Molchanov and Zhizhong Li and Jose M. Alvarez and Arun Mallya and Derek Hoiem and Niraj K. Jha and Jan Kautz},
    year={2019},
    eprint={1912.08795},
    archivePrefix={arXiv},
    primaryClass={cs.LG}
}

% Invertible Networks

@misc{ardizzone2018analyzing,
    title={Analyzing Inverse Problems with Invertible Neural Networks},
    author={Lynton Ardizzone and Jakob Kruse and Sebastian Wirkert and Daniel Rahner and Eric W. Pellegrini and Ralf S. Klessen and Lena Maier-Hein and Carsten Rother and Ullrich Köthe},
    year={2018},
    eprint={1808.04730},
    archivePrefix={arXiv},
    primaryClass={cs.LG}
}
@misc{behrmann2018invertible,
    title={Invertible Residual Networks},
    author={Jens Behrmann and Will Grathwohl and Ricky T. Q. Chen and David Duvenaud and Jörn-Henrik Jacobsen},
    year={2018},
    eprint={1811.00995},
    archivePrefix={arXiv},
    primaryClass={cs.LG}
}
@misc{kingma2018glow,
    title={Glow: Generative Flow with Invertible 1x1 Convolutions},
    author={Diederik P. Kingma and Prafulla Dhariwal},
    year={2018},
    eprint={1807.03039},
    archivePrefix={arXiv},
    primaryClass={stat.ML}
}

% DeepDream
@misc{DeepDream,
title	= {Inceptionism: Going Deeper into Neural Networks},
author	= {Alexander Mordvintsev and Christopher Olah and Mike Tyka},
year	= {2015},
URL	= {https://research.googleblog.com/2015/06/inceptionism-going-deeper-into-neural.html}
}

